@misc{Twittert93:online,
author = {Globo},
title = {Twitter tem seu segundo lucro na história, com aumento de usuários ativos e expansão fora dos EUA},
howpublished = {\url{https://glo.bo/2vYOVZg}},
month = {04},
year = {2018},
note = {(Accessed on 05/01/2018)}
}

@misc{paulovasconcellos,
author = {Paulo Vasconcellos},
title = {Aprenda a fazer um Analisador de Sentimentos do Twitter em Python},
howpublished = {\url{https://paulovasconcellos.com.br/aprenda-a-fazer-um-analisador-de-sentimentos-do-twitter-em-python-3979454f2d0d}},
month = {12},
year = {2016},
note = {(Accessed on 05/10/2018)}
}

@misc{socialmediatrends,
author = {Iara Vianna},
title = {Social Media Trends 2018: empresas e usuários nas redes sociais},
howpublished = {\url{https://inteligencia.rockcontent.com/social-media-trends-2018/}},
month = {12},
year = {2017},
note = {(Accessed on 04/13/2018)}
}

@misc{Facebook75:online,
author = {G1},
title = {Facebook chega a 1,94 bilhão de usuários em todo o mundo no 1º trimestre de 2017 | Tecnologia | G1},
howpublished = {\url{https://glo.bo/2w5RJDW}},
month = {05},
year = {2017},
note = {(Accessed on 04/13/2018)}
}

@misc{benevenuto2015metodos,
  title={M{\'e}todos para An{\'a}lise de Sentimentos em m{\'\i}dias sociais},
  author={Benevenuto, Fabr{\'\i}cio and Ribeiro, Filipe and Ara{\'u}jo, Matheus},
  year={2015}
}

@article{araujometodos,
  title={M{\'e}todos para an{\'a}lise de sentimentos no twitter.},
  year={2013},
  author={ARA{\'u}JO, M and GON{\c{c}}ALVES, P and BENEVENUTO, F},
  journal={Citado na},
  pages={59}
}

@article{ribeiro2016abordagem,
  title={Uma abordagem unificada para an{\'a}lise de sentimento de tweets com dom{\'\i}nio espec{\'\i}fico},
  author={Ribeiro, Patr{\'\i}cia Lustosa Ventura},
  year={2016}
}

@article{benevenuto2011coleta,
  title={Coleta e an{\'a}lise de grandes bases de dados de redes sociais online},
  author={Benevenuto, Fabr{\'\i}cio and Almeida, J and Silva, A},
  journal={Jornadas de Atualiza{\c{c}}{\~a}o em Inform{\'a}tica (JAI)},
  pages={11--57},
  year={2011}
}

@article{taboada2011lexicon,
  title={Lexicon-based methods for sentiment analysis},
  author={Taboada, Maite and Brooke, Julian and Tofiloski, Milan and Voll, Kimberly and Stede, Manfred},
  journal={Computational linguistics},
  volume={37},
  number={2},
  pages={267--307},
  year={2011},
  publisher={MIT Press}
}

@inproceedings{gilbert2014vader,
  title={Vader: A parsimonious rule-based model for sentiment analysis of social media text},
  author={Gilbert, CJ Hutto Eric},
  booktitle={Eighth International Conference on Weblogs and Social Media (ICWSM-14). Available at (20/04/16) http://comp. social. gatech. edu/papers/icwsm14. vader. hutto. pdf},
  year={2014}
}

@inproceedings{evangelista2013monitoramento,
  title={Monitoramento de Posts Sobre Empresas de E-Commerce em Redes Sociais Utilizando An{\'a}lise de Sentimentos},
  author={Evangelista, Thales R and Padilha, Thereza P Pereira},
  booktitle={Brazilian Workshop on Social Network Analysis and Mining (BraSNAM)},
  year={2013}
}

@article{becker2013introduccao,
  title={Introdu{\c{c}}{\~a}o {\`a} minera{\c{c}}{\~a}o de opini{\~o}es: Conceitos, aplica{\c{c}}{\~o}es e desafios},
  author={Becker, Karin and Tumitan, Diego},
  journal={Simp{\'o}sio brasileiro de banco de dados},
  year={2013}
}

@article{deanalise,
  title={AN{\'A}LISE DE SENTIMENTOS NO FACEBOOK UTILIZANDO O SENTICNET},
  author={DE LIMA, GEORGE ALC{\^A}NTARA PEREIRA}
}

@article{khan2015combining,
  title={Combining lexicon-based and learning-based methods for Twitter sentiment analysis},
  author={Khan, Aamera ZH and Atique, Mohammad and Thakare, VM},
  journal={International Journal of Electronics, Communication and Soft Computing Science \& Engineering (IJECSCSE)},
  pages={89},
  year={2015},
  publisher={International Journal of Electronics, Communication and Soft Computing Science and Engineering}
}

@article{godbole2007large,
  title={Large-Scale Sentiment Analysis for News and Blogs.},
  author={Godbole, Namrata and Srinivasaiah, Manja and Skiena, Steven},
  journal={Icwsm},
  volume={7},
  number={21},
  pages={219--222},
  year={2007}
}

@article{dossisne,
  title={Sisne: Armazenador de dados da rede social Facebook},
  author={dos Santos, Pablo Brunetti and das Dores Rissino, Silvia and Ladislau, Thiago and da Silva Villa{\c{c}}a, Rodolfo}
}

@inproceedings{reis2015abordagem,
  title={Uma abordagem multil{\i}ngue para an{\'a}lise de sentimentos},
  author={Reis, Julio CS and Gon{\c{c}}alves, Pollyanna and Ara{\'u}jo, Matheus and Pereira, Adriano CM and Benevenuto, Fabr{\i}cio},
  booktitle={IV Brazilian Workshop on Social Network Analysis and Mining (BraSNAM 2015)},
  year={2015}
}

@article{santos2016extracc,
  title={Extra{\c{c}} ao de M{\'e}tricas e Analise de Sentimentos em Comentarios Web no Dom{\i}nio de Hot{\'e}is},
  author={Santos, Roney L de S and Moura, Raimundo S},
  year={2016}
}

@article{becker2013introduccao,
  title={Introdu{\c{c}}{\~a}o {\`a} minera{\c{c}}{\~a}o de opini{\~o}es: Conceitos, aplica{\c{c}}{\~o}es e desafios},
  author={Becker, Karin and Tumitan, Diego},
  journal={Simp{\'o}sio brasileiro de banco de dados},
  year={2013}
}

@inproceedings{caetano2017utilizando,
  title={Utilizando An{\'a}lise de Sentimentos para Defini{\c{c}}{\~a}o da Homofilia Pol{\'\i}tica dos Usu{\'a}rios do Twitter durante a Elei{\c{c}}{\~a}o Presidencial Americana de 2016},
  author={Caetano, Josemar Alves Caetano and Lima, H{\'e}lder Seixas Lima and dos Santos Santos, Mateus Freira and Marques-Neto, Humberto Torres Marques-Neto},
  booktitle={Congresso da Sociedade Brasileira de Computa{\c{c}}{\~a}o-CSBC},
  year={2017}
}

@article{reis2016analise,
  title={Uma An{\'a}lise do Impacto do Anonimato em Coment{\'a}rios de Not{\'\i}cias Online},
  author={Reis, Julio and Miranda, Manoel and Bastos, Lucas and Prates, Raquel and Benevenuto, Fabr{\'\i}cio},
  year={2016}
}

@article{de2017unilex,
  title={UniLex: M{\'e}todo L{\'e}xico para An{\'a}lise de Sentimentos Textuais sobre Conte{\'u}do de Tweets em Portugu{\^e}s Brasileiro},
  author={de Souza, Karine Fran{\c{c}}a and Pereira, Mois{\'e}s Henrique Ramos and Dalip, Daniel Hasan},
  journal={Abak{\'o}s},
  volume={5},
  number={2},
  pages={79--96},
  year={2017}
}

@phdthesis{silva2016analise,
  title={An{\'a}lise de sentimentos em textos curtos provenientes de redes sociais},
  author={Silva, Nadia Felix Felipe da},
  year={2016},
  school={Universidade de S{\~a}o Paulo}
}

